%YAML 1.1
%TAG !u! tag:unity3d.com,2011:
--- !u!29 &1
OcclusionCullingSettings:
  m_ObjectHideFlags: 0
  serializedVersion: 2
  m_OcclusionBakeSettings:
    smallestOccluder: 5
    smallestHole: 0.25
    backfaceThreshold: 100
  m_SceneGUID: 00000000000000000000000000000000
  m_OcclusionCullingData: {fileID: 0}
--- !u!104 &2
RenderSettings:
  m_ObjectHideFlags: 0
  serializedVersion: 9
  m_Fog: 0
  m_FogColor: {r: 0.5, g: 0.5, b: 0.5, a: 1}
  m_FogMode: 3
  m_FogDensity: 0.01
  m_LinearFogStart: 0
  m_LinearFogEnd: 300
  m_AmbientSkyColor: {r: 0.212, g: 0.227, b: 0.259, a: 1}
  m_AmbientEquatorColor: {r: 0.114, g: 0.125, b: 0.133, a: 1}
  m_AmbientGroundColor: {r: 0.047, g: 0.043, b: 0.035, a: 1}
  m_AmbientIntensity: 1
  m_AmbientMode: 0
  m_SubtractiveShadowColor: {r: 0.42, g: 0.478, b: 0.627, a: 1}
  m_SkyboxMaterial: {fileID: 2100000, guid: 4c12da8dc5dced74e838120da11725a0, type: 2}
  m_HaloStrength: 0.5
  m_FlareStrength: 1
  m_FlareFadeSpeed: 3
  m_HaloTexture: {fileID: 0}
  m_SpotCookie: {fileID: 10001, guid: 0000000000000000e000000000000000, type: 0}
  m_DefaultReflectionMode: 0
  m_DefaultReflectionResolution: 128
  m_ReflectionBounces: 1
  m_ReflectionIntensity: 1
  m_CustomReflection: {fileID: 0}
  m_Sun: {fileID: 0}
  m_IndirectSpecularColor: {r: 0.5590147, g: 0.8095578, b: 0.99108803, a: 1}
  m_UseRadianceAmbientProbe: 0
--- !u!157 &3
LightmapSettings:
  m_ObjectHideFlags: 0
  serializedVersion: 12
  m_GIWorkflowMode: 1
  m_GISettings:
    serializedVersion: 2
    m_BounceScale: 1
    m_IndirectOutputScale: 1
    m_AlbedoBoost: 1
    m_EnvironmentLightingMode: 0
    m_EnableBakedLightmaps: 1
    m_EnableRealtimeLightmaps: 0
  m_LightmapEditorSettings:
    serializedVersion: 12
    m_Resolution: 2
    m_BakeResolution: 40
    m_AtlasSize: 1024
    m_AO: 0
    m_AOMaxDistance: 1
    m_CompAOExponent: 1
    m_CompAOExponentDirect: 0
    m_ExtractAmbientOcclusion: 0
    m_Padding: 2
    m_LightmapParameters: {fileID: 0}
    m_LightmapsBakeMode: 1
    m_TextureCompression: 1
    m_FinalGather: 0
    m_FinalGatherFiltering: 1
    m_FinalGatherRayCount: 256
    m_ReflectionCompression: 2
    m_MixedBakeMode: 2
    m_BakeBackend: 1
    m_PVRSampling: 1
    m_PVRDirectSampleCount: 32
    m_PVRSampleCount: 512
    m_PVRBounces: 2
    m_PVREnvironmentSampleCount: 256
    m_PVREnvironmentReferencePointCount: 2048
    m_PVRFilteringMode: 1
    m_PVRDenoiserTypeDirect: 1
    m_PVRDenoiserTypeIndirect: 1
    m_PVRDenoiserTypeAO: 1
    m_PVRFilterTypeDirect: 0
    m_PVRFilterTypeIndirect: 0
    m_PVRFilterTypeAO: 0
    m_PVREnvironmentMIS: 1
    m_PVRCulling: 1
    m_PVRFilteringGaussRadiusDirect: 1
    m_PVRFilteringGaussRadiusIndirect: 5
    m_PVRFilteringGaussRadiusAO: 2
    m_PVRFilteringAtrousPositionSigmaDirect: 0.5
    m_PVRFilteringAtrousPositionSigmaIndirect: 2
    m_PVRFilteringAtrousPositionSigmaAO: 1
    m_ExportTrainingData: 0
    m_TrainingDataDestination: TrainingData
    m_LightProbeSampleCountMultiplier: 4
  m_LightingDataAsset: {fileID: 112000000, guid: e2f9f32e9c900f64895459726f975692, type: 2}
  m_LightingSettings: {fileID: 0}
--- !u!196 &4
NavMeshSettings:
  serializedVersion: 2
  m_ObjectHideFlags: 0
  m_BuildSettings:
    serializedVersion: 2
    agentTypeID: 0
    agentRadius: 0.5
    agentHeight: 2
    agentSlope: 45
    agentClimb: 0.4
    ledgeDropHeight: 0
    maxJumpAcrossDistance: 0
    minRegionArea: 2
    manualCellSize: 0
    cellSize: 0.16666667
    manualTileSize: 0
    tileSize: 256
    accuratePlacement: 0
    maxJobWorkers: 0
    preserveTilesOutsideBounds: 0
    debug:
      m_Flags: 0
  m_NavMeshData: {fileID: 23800000, guid: 38cc8db0389863c46a21dbb20badb97d, type: 2}
--- !u!1 &659092237
GameObject:
  m_ObjectHideFlags: 0
  m_CorrespondingSourceObject: {fileID: 0}
  m_PrefabInstance: {fileID: 0}
  m_PrefabAsset: {fileID: 0}
  serializedVersion: 6
  m_Component:
  - component: {fileID: 659092240}
  - component: {fileID: 659092239}
  - component: {fileID: 659092238}
  m_Layer: 0
  m_Name: Sandbox 2 Terrain
  m_TagString: Untagged
  m_Icon: {fileID: 0}
  m_NavMeshLayer: 0
  m_StaticEditorFlags: 2147483647
  m_IsActive: 1
--- !u!154 &659092238
TerrainCollider:
  m_ObjectHideFlags: 0
  m_CorrespondingSourceObject: {fileID: 0}
  m_PrefabInstance: {fileID: 0}
  m_PrefabAsset: {fileID: 0}
  m_GameObject: {fileID: 659092237}
  m_Material: {fileID: 0}
  m_Enabled: 1
  m_TerrainData: {fileID: 15600000, guid: 2378a5d6cfe41d24a8140174c7971a74, type: 2}
  m_EnableTreeColliders: 1
--- !u!218 &659092239
Terrain:
  m_ObjectHideFlags: 0
  m_CorrespondingSourceObject: {fileID: 0}
  m_PrefabInstance: {fileID: 0}
  m_PrefabAsset: {fileID: 0}
  m_GameObject: {fileID: 659092237}
  m_Enabled: 1
  serializedVersion: 6
  m_TerrainData: {fileID: 15600000, guid: 2378a5d6cfe41d24a8140174c7971a74, type: 2}
  m_TreeDistance: 5000
  m_TreeBillboardDistance: 50
  m_TreeCrossFadeLength: 5
  m_TreeMaximumFullLODCount: 50
  m_DetailObjectDistance: 80
  m_DetailObjectDensity: 1
  m_HeightmapPixelError: 5
  m_SplatMapDistance: 1000
  m_HeightmapMaximumLOD: 0
  m_ShadowCastingMode: 2
  m_DrawHeightmap: 1
  m_DrawInstanced: 0
  m_DrawTreesAndFoliage: 1
  m_StaticShadowCaster: 0
  m_ReflectionProbeUsage: 1
  m_MaterialTemplate: {fileID: 10652, guid: 0000000000000000f000000000000000, type: 0}
  m_BakeLightProbesForTrees: 1
  m_PreserveTreePrototypeLayers: 0
  m_DeringLightProbesForTrees: 1
  m_ScaleInLightmap: 0.0256
  m_LightmapParameters: {fileID: 15203, guid: 0000000000000000f000000000000000, type: 0}
  m_GroupingID: 0
  m_RenderingLayerMask: 1
  m_AllowAutoConnect: 1
--- !u!4 &659092240
Transform:
  m_ObjectHideFlags: 0
  m_CorrespondingSourceObject: {fileID: 0}
  m_PrefabInstance: {fileID: 0}
  m_PrefabAsset: {fileID: 0}
  m_GameObject: {fileID: 659092237}
  m_LocalRotation: {x: 0, y: 0, z: 0, w: 1}
  m_LocalPosition: {x: -13.286976, y: -38.61128, z: -104.42975}
  m_LocalScale: {x: 1, y: 1, z: 1}
  m_ConstrainProportionsScale: 1
  m_Children: []
  m_Father: {fileID: 925604776}
  m_RootOrder: 0
  m_LocalEulerAnglesHint: {x: 0, y: 0, z: 0}
--- !u!1 &925604775
GameObject:
  m_ObjectHideFlags: 0
  m_CorrespondingSourceObject: {fileID: 0}
  m_PrefabInstance: {fileID: 0}
  m_PrefabAsset: {fileID: 0}
  serializedVersion: 6
  m_Component:
  - component: {fileID: 925604776}
  m_Layer: 0
  m_Name: Environment
  m_TagString: Untagged
  m_Icon: {fileID: 0}
  m_NavMeshLayer: 0
  m_StaticEditorFlags: 0
  m_IsActive: 1
--- !u!4 &925604776
Transform:
  m_ObjectHideFlags: 0
  m_CorrespondingSourceObject: {fileID: 0}
  m_PrefabInstance: {fileID: 0}
  m_PrefabAsset: {fileID: 0}
  m_GameObject: {fileID: 925604775}
  m_LocalRotation: {x: 0, y: 0, z: 0, w: 1}
  m_LocalPosition: {x: -36.713024, y: 38.61128, z: 54.42975}
  m_LocalScale: {x: 1, y: 1, z: 1}
  m_ConstrainProportionsScale: 0
  m_Children:
  - {fileID: 659092240}
  - {fileID: 1904666708}
  m_Father: {fileID: 0}
  m_RootOrder: 1
  m_LocalEulerAnglesHint: {x: 0, y: 0, z: 0}
--- !u!1001 &1439328275
PrefabInstance:
  m_ObjectHideFlags: 0
  serializedVersion: 2
  m_Modification:
    m_TransformParent: {fileID: 0}
    m_Modifications:
    - target: {fileID: 60285440, guid: 6f4b2c9ad84efda42afa904f67f5bae5, type: 3}
      propertyPath: PortalID
      value: 1
      objectReference: {fileID: 0}
    - target: {fileID: 60285440, guid: 6f4b2c9ad84efda42afa904f67f5bae5, type: 3}
      propertyPath: Destination
      value: 1
      objectReference: {fileID: 0}
    - target: {fileID: 60285440, guid: 6f4b2c9ad84efda42afa904f67f5bae5, type: 3}
      propertyPath: sceneToLoad
      value: Sandbox
      objectReference: {fileID: 0}
    - target: {fileID: 5178502611049097532, guid: 6f4b2c9ad84efda42afa904f67f5bae5, type: 3}
      propertyPath: m_RootOrder
      value: 3
      objectReference: {fileID: 0}
    - target: {fileID: 5178502611049097532, guid: 6f4b2c9ad84efda42afa904f67f5bae5, type: 3}
      propertyPath: m_LocalPosition.x
      value: -33.97
      objectReference: {fileID: 0}
    - target: {fileID: 5178502611049097532, guid: 6f4b2c9ad84efda42afa904f67f5bae5, type: 3}
      propertyPath: m_LocalPosition.y
      value: 32.57
      objectReference: {fileID: 0}
    - target: {fileID: 5178502611049097532, guid: 6f4b2c9ad84efda42afa904f67f5bae5, type: 3}
      propertyPath: m_LocalPosition.z
      value: -8.38
      objectReference: {fileID: 0}
    - target: {fileID: 5178502611049097532, guid: 6f4b2c9ad84efda42afa904f67f5bae5, type: 3}
      propertyPath: m_LocalRotation.w
      value: 0.79005206
      objectReference: {fileID: 0}
    - target: {fileID: 5178502611049097532, guid: 6f4b2c9ad84efda42afa904f67f5bae5, type: 3}
      propertyPath: m_LocalRotation.x
      value: -0
      objectReference: {fileID: 0}
    - target: {fileID: 5178502611049097532, guid: 6f4b2c9ad84efda42afa904f67f5bae5, type: 3}
      propertyPath: m_LocalRotation.y
      value: 0.61303985
      objectReference: {fileID: 0}
    - target: {fileID: 5178502611049097532, guid: 6f4b2c9ad84efda42afa904f67f5bae5, type: 3}
      propertyPath: m_LocalRotation.z
      value: -0
      objectReference: {fileID: 0}
    - target: {fileID: 5178502611049097532, guid: 6f4b2c9ad84efda42afa904f67f5bae5, type: 3}
      propertyPath: m_LocalEulerAnglesHint.x
      value: 0
      objectReference: {fileID: 0}
    - target: {fileID: 5178502611049097532, guid: 6f4b2c9ad84efda42afa904f67f5bae5, type: 3}
      propertyPath: m_LocalEulerAnglesHint.y
      value: 75.619
      objectReference: {fileID: 0}
    - target: {fileID: 5178502611049097532, guid: 6f4b2c9ad84efda42afa904f67f5bae5, type: 3}
      propertyPath: m_LocalEulerAnglesHint.z
      value: 0
      objectReference: {fileID: 0}
    - target: {fileID: 5178502611049097535, guid: 6f4b2c9ad84efda42afa904f67f5bae5, type: 3}
      propertyPath: m_Name
      value: Portal (1)
      objectReference: {fileID: 0}
    - target: {fileID: 6223072837524640761, guid: 6f4b2c9ad84efda42afa904f67f5bae5, type: 3}
      propertyPath: m_LocalPosition.x
      value: 5.46
      objectReference: {fileID: 0}
    - target: {fileID: 6223072837524640761, guid: 6f4b2c9ad84efda42afa904f67f5bae5, type: 3}
      propertyPath: m_LocalPosition.y
      value: -2.11
      objectReference: {fileID: 0}
    - target: {fileID: 6223072837524640761, guid: 6f4b2c9ad84efda42afa904f67f5bae5, type: 3}
      propertyPath: m_LocalPosition.z
      value: -0.41
      objectReference: {fileID: 0}
    - target: {fileID: 6223072837524640761, guid: 6f4b2c9ad84efda42afa904f67f5bae5, type: 3}
      propertyPath: m_LocalRotation.w
      value: 0.68531007
      objectReference: {fileID: 0}
    - target: {fileID: 6223072837524640761, guid: 6f4b2c9ad84efda42afa904f67f5bae5, type: 3}
      propertyPath: m_LocalRotation.x
      value: 0
      objectReference: {fileID: 0}
    - target: {fileID: 6223072837524640761, guid: 6f4b2c9ad84efda42afa904f67f5bae5, type: 3}
      propertyPath: m_LocalRotation.y
      value: 0.72825146
      objectReference: {fileID: 0}
    - target: {fileID: 6223072837524640761, guid: 6f4b2c9ad84efda42afa904f67f5bae5, type: 3}
      propertyPath: m_LocalRotation.z
      value: 0
      objectReference: {fileID: 0}
    - target: {fileID: 6223072837524640761, guid: 6f4b2c9ad84efda42afa904f67f5bae5, type: 3}
      propertyPath: m_LocalEulerAnglesHint.y
      value: 93.48
      objectReference: {fileID: 0}
    m_RemovedComponents: []
  m_SourcePrefab: {fileID: 100100000, guid: 6f4b2c9ad84efda42afa904f67f5bae5, type: 3}
--- !u!1001 &1867235288
PrefabInstance:
  m_ObjectHideFlags: 0
  serializedVersion: 2
  m_Modification:
    m_TransformParent: {fileID: 0}
    m_Modifications:
    - target: {fileID: 4281083440374578664, guid: 12ce55b07335bbc46a74ad0f3831b306, type: 3}
      propertyPath: m_LocalPosition.x
      value: -0.53
      objectReference: {fileID: 0}
    - target: {fileID: 4281083440374578664, guid: 12ce55b07335bbc46a74ad0f3831b306, type: 3}
      propertyPath: m_LocalPosition.y
      value: 0
      objectReference: {fileID: 0}
    - target: {fileID: 4281083440374578664, guid: 12ce55b07335bbc46a74ad0f3831b306, type: 3}
      propertyPath: m_LocalPosition.z
      value: 0.54
      objectReference: {fileID: 0}
    - target: {fileID: 4281083440374578664, guid: 12ce55b07335bbc46a74ad0f3831b306, type: 3}
      propertyPath: m_LocalRotation.x
      value: 0
      objectReference: {fileID: 0}
    - target: {fileID: 4281083440374578664, guid: 12ce55b07335bbc46a74ad0f3831b306, type: 3}
      propertyPath: m_LocalRotation.y
      value: 0
      objectReference: {fileID: 0}
    - target: {fileID: 4281083440374578664, guid: 12ce55b07335bbc46a74ad0f3831b306, type: 3}
      propertyPath: m_LocalRotation.z
      value: 0
      objectReference: {fileID: 0}
    - target: {fileID: 5131772250027612977, guid: 12ce55b07335bbc46a74ad0f3831b306, type: 3}
      propertyPath: m_AnchoredPosition.x
      value: 6.5927734
      objectReference: {fileID: 0}
    - target: {fileID: 5131772250027612977, guid: 12ce55b07335bbc46a74ad0f3831b306, type: 3}
      propertyPath: m_AnchoredPosition.y
      value: -9.186279
      objectReference: {fileID: 0}
    - target: {fileID: 6859268485756350192, guid: 12ce55b07335bbc46a74ad0f3831b306, type: 3}
      propertyPath: m_RootOrder
      value: 0
      objectReference: {fileID: 0}
    - target: {fileID: 6859268485756350192, guid: 12ce55b07335bbc46a74ad0f3831b306, type: 3}
      propertyPath: m_LocalPosition.x
      value: -31.99496
      objectReference: {fileID: 0}
    - target: {fileID: 6859268485756350192, guid: 12ce55b07335bbc46a74ad0f3831b306, type: 3}
      propertyPath: m_LocalPosition.y
      value: 29.994505
      objectReference: {fileID: 0}
    - target: {fileID: 6859268485756350192, guid: 12ce55b07335bbc46a74ad0f3831b306, type: 3}
      propertyPath: m_LocalPosition.z
      value: -29.77577
      objectReference: {fileID: 0}
    - target: {fileID: 6859268485756350192, guid: 12ce55b07335bbc46a74ad0f3831b306, type: 3}
      propertyPath: m_LocalRotation.w
      value: 1
      objectReference: {fileID: 0}
    - target: {fileID: 6859268485756350192, guid: 12ce55b07335bbc46a74ad0f3831b306, type: 3}
      propertyPath: m_LocalRotation.x
      value: 0
      objectReference: {fileID: 0}
    - target: {fileID: 6859268485756350192, guid: 12ce55b07335bbc46a74ad0f3831b306, type: 3}
      propertyPath: m_LocalRotation.y
      value: 0
      objectReference: {fileID: 0}
    - target: {fileID: 6859268485756350192, guid: 12ce55b07335bbc46a74ad0f3831b306, type: 3}
      propertyPath: m_LocalRotation.z
      value: 0
      objectReference: {fileID: 0}
    - target: {fileID: 6859268485756350192, guid: 12ce55b07335bbc46a74ad0f3831b306, type: 3}
      propertyPath: m_LocalEulerAnglesHint.x
      value: 0
      objectReference: {fileID: 0}
    - target: {fileID: 6859268485756350192, guid: 12ce55b07335bbc46a74ad0f3831b306, type: 3}
      propertyPath: m_LocalEulerAnglesHint.y
      value: 0
      objectReference: {fileID: 0}
    - target: {fileID: 6859268485756350192, guid: 12ce55b07335bbc46a74ad0f3831b306, type: 3}
      propertyPath: m_LocalEulerAnglesHint.z
      value: 0
      objectReference: {fileID: 0}
    - target: {fileID: 6859268485756350195, guid: 12ce55b07335bbc46a74ad0f3831b306, type: 3}
      propertyPath: m_Name
      value: Core
      objectReference: {fileID: 0}
    - target: {fileID: 6859268486212962767, guid: 12ce55b07335bbc46a74ad0f3831b306, type: 3}
      propertyPath: m_LocalPosition.x
      value: -0.5299988
      objectReference: {fileID: 0}
    - target: {fileID: 6859268486212962767, guid: 12ce55b07335bbc46a74ad0f3831b306, type: 3}
      propertyPath: m_LocalPosition.y
      value: 10.192537
      objectReference: {fileID: 0}
    - target: {fileID: 6859268486212962767, guid: 12ce55b07335bbc46a74ad0f3831b306, type: 3}
      propertyPath: m_LocalPosition.z
      value: -6.1734524
      objectReference: {fileID: 0}
    - target: {fileID: 6859268486513157308, guid: 12ce55b07335bbc46a74ad0f3831b306, type: 3}
      propertyPath: m_LocalPosition.x
      value: -0.5299988
      objectReference: {fileID: 0}
    - target: {fileID: 6859268486513157308, guid: 12ce55b07335bbc46a74ad0f3831b306, type: 3}
      propertyPath: m_LocalPosition.y
      value: 10.192537
      objectReference: {fileID: 0}
    - target: {fileID: 6859268486513157308, guid: 12ce55b07335bbc46a74ad0f3831b306, type: 3}
      propertyPath: m_LocalPosition.z
      value: -6.1734524
      objectReference: {fileID: 0}
    m_RemovedComponents: []
  m_SourcePrefab: {fileID: 100100000, guid: 12ce55b07335bbc46a74ad0f3831b306, type: 3}
--- !u!1 &1904666706
GameObject:
  m_ObjectHideFlags: 0
  m_CorrespondingSourceObject: {fileID: 0}
  m_PrefabInstance: {fileID: 0}
  m_PrefabAsset: {fileID: 0}
  serializedVersion: 6
  m_Component:
  - component: {fileID: 1904666708}
  - component: {fileID: 1904666707}
  m_Layer: 0
  m_Name: Directional Light
  m_TagString: Untagged
  m_Icon: {fileID: 0}
  m_NavMeshLayer: 0
  m_StaticEditorFlags: 0
  m_IsActive: 1
--- !u!108 &1904666707
Light:
  m_ObjectHideFlags: 0
  m_CorrespondingSourceObject: {fileID: 0}
  m_PrefabInstance: {fileID: 0}
  m_PrefabAsset: {fileID: 0}
  m_GameObject: {fileID: 1904666706}
  m_Enabled: 1
  serializedVersion: 10
  m_Type: 1
  m_Shape: 0
  m_Color: {r: 1, g: 0.95686275, b: 0.8392157, a: 1}
  m_Intensity: 1
  m_Range: 10
  m_SpotAngle: 30
  m_InnerSpotAngle: 21.80208
  m_CookieSize: 10
  m_Shadows:
    m_Type: 2
    m_Resolution: -1
    m_CustomResolution: -1
    m_Strength: 1
    m_Bias: 0.05
    m_NormalBias: 0.4
    m_NearPlane: 0.2
    m_CullingMatrixOverride:
      e00: 1
      e01: 0
      e02: 0
      e03: 0
      e10: 0
      e11: 1
      e12: 0
      e13: 0
      e20: 0
      e21: 0
      e22: 1
      e23: 0
      e30: 0
      e31: 0
      e32: 0
      e33: 1
    m_UseCullingMatrixOverride: 0
  m_Cookie: {fileID: 0}
  m_DrawHalo: 0
  m_Flare: {fileID: 0}
  m_RenderMode: 0
  m_CullingMask:
    serializedVersion: 2
    m_Bits: 4294967295
  m_RenderingLayerMask: 1
  m_Lightmapping: 4
  m_LightShadowCasterMode: 0
  m_AreaSize: {x: 1, y: 1}
  m_BounceIntensity: 1
  m_ColorTemperature: 6570
  m_UseColorTemperature: 0
  m_BoundingSphereOverride: {x: 0, y: 0, z: 0, w: 0}
  m_UseBoundingSphereOverride: 0
  m_UseViewFrustumForShadowCasterCull: 1
  m_ShadowRadius: 0
  m_ShadowAngle: 0
--- !u!4 &1904666708
Transform:
  m_ObjectHideFlags: 0
  m_CorrespondingSourceObject: {fileID: 0}
  m_PrefabInstance: {fileID: 0}
  m_PrefabAsset: {fileID: 0}
  m_GameObject: {fileID: 1904666706}
  m_LocalRotation: {x: 0.40821788, y: -0.23456968, z: 0.10938163, w: 0.8754261}
  m_LocalPosition: {x: 36.713024, y: -35.61128, z: -54.42975}
  m_LocalScale: {x: 1, y: 1, z: 1}
  m_ConstrainProportionsScale: 0
  m_Children: []
  m_Father: {fileID: 925604776}
  m_RootOrder: 1
  m_LocalEulerAnglesHint: {x: 50, y: -30, z: 0}
--- !u!1001 &2115529821
PrefabInstance:
  m_ObjectHideFlags: 0
  serializedVersion: 2
  m_Modification:
    m_TransformParent: {fileID: 0}
    m_Modifications:
    - target: {fileID: 60285440, guid: 6f4b2c9ad84efda42afa904f67f5bae5, type: 3}
      propertyPath: fadeInTime
      value: 1
      objectReference: {fileID: 0}
    - target: {fileID: 60285440, guid: 6f4b2c9ad84efda42afa904f67f5bae5, type: 3}
      propertyPath: Destination
      value: 0
      objectReference: {fileID: 0}
    - target: {fileID: 60285440, guid: 6f4b2c9ad84efda42afa904f67f5bae5, type: 3}
      propertyPath: fadeOutTime
      value: 0.5
      objectReference: {fileID: 0}
    - target: {fileID: 60285440, guid: 6f4b2c9ad84efda42afa904f67f5bae5, type: 3}
      propertyPath: sceneToLoad
      value: Sandbox
      objectReference: {fileID: 0}
    - target: {fileID: 5178502611049097532, guid: 6f4b2c9ad84efda42afa904f67f5bae5, type: 3}
      propertyPath: m_RootOrder
      value: 2
      objectReference: {fileID: 0}
    - target: {fileID: 5178502611049097532, guid: 6f4b2c9ad84efda42afa904f67f5bae5, type: 3}
      propertyPath: m_LocalPosition.x
      value: -43.36
      objectReference: {fileID: 0}
    - target: {fileID: 5178502611049097532, guid: 6f4b2c9ad84efda42afa904f67f5bae5, type: 3}
      propertyPath: m_LocalPosition.y
      value: 32.57
      objectReference: {fileID: 0}
    - target: {fileID: 5178502611049097532, guid: 6f4b2c9ad84efda42afa904f67f5bae5, type: 3}
      propertyPath: m_LocalPosition.z
      value: -29.8
      objectReference: {fileID: 0}
    - target: {fileID: 5178502611049097532, guid: 6f4b2c9ad84efda42afa904f67f5bae5, type: 3}
      propertyPath: m_LocalRotation.w
      value: 1
      objectReference: {fileID: 0}
    - target: {fileID: 5178502611049097532, guid: 6f4b2c9ad84efda42afa904f67f5bae5, type: 3}
      propertyPath: m_LocalRotation.x
      value: 0
      objectReference: {fileID: 0}
    - target: {fileID: 5178502611049097532, guid: 6f4b2c9ad84efda42afa904f67f5bae5, type: 3}
      propertyPath: m_LocalRotation.y
      value: 0
      objectReference: {fileID: 0}
    - target: {fileID: 5178502611049097532, guid: 6f4b2c9ad84efda42afa904f67f5bae5, type: 3}
      propertyPath: m_LocalRotation.z
      value: 0
      objectReference: {fileID: 0}
    - target: {fileID: 5178502611049097532, guid: 6f4b2c9ad84efda42afa904f67f5bae5, type: 3}
      propertyPath: m_LocalEulerAnglesHint.x
      value: 0
      objectReference: {fileID: 0}
    - target: {fileID: 5178502611049097532, guid: 6f4b2c9ad84efda42afa904f67f5bae5, type: 3}
      propertyPath: m_LocalEulerAnglesHint.y
      value: 0
      objectReference: {fileID: 0}
    - target: {fileID: 5178502611049097532, guid: 6f4b2c9ad84efda42afa904f67f5bae5, type: 3}
      propertyPath: m_LocalEulerAnglesHint.z
      value: 0
      objectReference: {fileID: 0}
    - target: {fileID: 5178502611049097535, guid: 6f4b2c9ad84efda42afa904f67f5bae5, type: 3}
      propertyPath: m_Name
      value: Portal
      objectReference: {fileID: 0}
    - target: {fileID: 6223072837524640761, guid: 6f4b2c9ad84efda42afa904f67f5bae5, type: 3}
      propertyPath: m_LocalPosition.x
      value: 5.46
      objectReference: {fileID: 0}
    - target: {fileID: 6223072837524640761, guid: 6f4b2c9ad84efda42afa904f67f5bae5, type: 3}
      propertyPath: m_LocalPosition.y
      value: -1.81
      objectReference: {fileID: 0}
    - target: {fileID: 6223072837524640761, guid: 6f4b2c9ad84efda42afa904f67f5bae5, type: 3}
      propertyPath: m_LocalPosition.z
      value: -0.41
      objectReference: {fileID: 0}
    - target: {fileID: 6223072837524640761, guid: 6f4b2c9ad84efda42afa904f67f5bae5, type: 3}
      propertyPath: m_LocalRotation.w
      value: 1
      objectReference: {fileID: 0}
    - target: {fileID: 6223072837524640761, guid: 6f4b2c9ad84efda42afa904f67f5bae5, type: 3}
      propertyPath: m_LocalRotation.x
      value: 0
      objectReference: {fileID: 0}
    - target: {fileID: 6223072837524640761, guid: 6f4b2c9ad84efda42afa904f67f5bae5, type: 3}
      propertyPath: m_LocalRotation.y
      value: 0
      objectReference: {fileID: 0}
    - target: {fileID: 6223072837524640761, guid: 6f4b2c9ad84efda42afa904f67f5bae5, type: 3}
      propertyPath: m_LocalRotation.z
      value: 0
      objectReference: {fileID: 0}
    - target: {fileID: 6223072837524640761, guid: 6f4b2c9ad84efda42afa904f67f5bae5, type: 3}
      propertyPath: m_LocalEulerAnglesHint.y
      value: 0
      objectReference: {fileID: 0}
    m_RemovedComponents: []
  m_SourcePrefab: {fileID: 100100000, guid: 6f4b2c9ad84efda42afa904f67f5bae5, type: 3}
